<?xml version="1.0" encoding="UTF-8"?>
<collection xmlns:xsi="http://www.w3.org/2001/XMLSchema-instance" xsi:schemaLocation="http://www.loc.gov/MARC21/slim http://www.loc.gov/standards/marcxml/schema/MARC21slim.xsd" xmlns="http://www.loc.gov/MARC21/slim">
<record>
  <leader>00740cam a2200205Ma 4500</leader>
  <controlfield tag="001">3080910</controlfield>
  <controlfield tag="003">NNC</controlfield>
  <controlfield tag="005">20150324221538.0</controlfield>
  <controlfield tag="008">990330s1940    ua            000 0 ara d</controlfield>
  <datafield tag="035" ind1=" " ind2=" ">
    <subfield code="9">ATQ6090CU</subfield>
  </datafield>
  <datafield tag="035" ind1=" " ind2=" ">
    <subfield code="a">(OCoLC)ocn41069482</subfield>
  </datafield>
  <datafield tag="035" ind1=" " ind2=" ">
    <subfield code="a">(OCoLC)41069482</subfield>
  </datafield>
  <datafield tag="035" ind1=" " ind2=" ">
    <subfield code="a">(NNC)3080910</subfield>
  </datafield>
  <datafield tag="040" ind1=" " ind2=" ">
    <subfield code="a">MH</subfield>
    <subfield code="c">HLS</subfield>
  </datafield>
  <datafield tag="100" ind1="1" ind2=" ">
    <subfield code="a">Ibn al-Ṣiddīq, ʻAbd al-ʻAzīz ibn Muḥammad.</subfield>
  </datafield>
  <datafield tag="245" ind1="1" ind2="3">
    <subfield code="a">al-Bughyah fī tartīb aḥādīth al-ḥilyah /</subfield>
    <subfield code="c">li-ʻAbd al- ʻAzīz Muḥammad ibn al-Ṣiddīq.</subfield>
  </datafield>
  <datafield tag="260" ind1=" " ind2=" ">
    <subfield code="a">Miṣr :</subfield>
    <subfield code="b">Maktabat al-Khānjī,</subfield>
    <subfield code="c">[1940]</subfield>
  </datafield>
  <datafield tag="300" ind1=" " ind2=" ">
    <subfield code="a">94 p.</subfield>
  </datafield>
  <datafield tag="600" ind1="1" ind2="0">
    <subfield code="a">Abū Nuʻaym al-Iṣbahānī, Aḥmad ibn ʻAbd Allāh,</subfield>
    <subfield code="d">948-1038.</subfield>
    <subfield code="t">Ḥilyat al-awliyāʼ wa-ṭabaqāt al-aṣfiyāʼ.</subfield>
    <subfield code="f">1940.</subfield>
  </datafield>
  <datafield tag="955" ind1=" " ind2=" ">
    <subfield code="b">CU58898123</subfield>
    <subfield code="d">off,glx</subfield>
    <subfield code="e">893.792 Is13 Index</subfield>
  </datafield>
</record>
</collection>